@article{dong2020prevalence,
  title={Prevalence and time trends of myopia in children and adolescents in China: a systemic review and meta-analysis},
  author={Dong, Li and Kang, Yi Kun and Li, Yang and Wei, Wen Bin and Jonas, Jost B},
  journal={Retina},
  volume={40},
  number={3},
  pages={399--411},
  year={2020},
  publisher={LWW}
}

@article{Cao2023,
author={Cao, Keer and Kang, Zefeng and Sun, Hongfeng and Wang, Jianquan and Hou, Xinyue},
title={Research Progress on the Biomechanical Characteristics of Sclera and Its Relationship with Myopia},
organization={Department of ophthalmology hospital Chinese Academy of traditional Chinese Medicine},
journal={Chinese Journal of Chinese Ophthalmology},
year={2023},
volume={33},
number={8},
pages={781-784},
month={8},
}

@article{Ding2015,
author = { Ding, Meihua and Wu, Jianfeng and Bi, Huashen },
title = {Research advances in biomechanics of sclera in myopia},
journal = {Recent Advances in Ophthalmology},
volume = {35},
number = {02},
pages = {187-190},
year = {2015},
issn = {1003-5141},
}
% doi = {10.13389/j.cnki.rao.2015.0051}

@article{li2022simultaneous,
  title={Simultaneous assessment of the whole eye biomechanics using ultrasonic elastography},
  author={Li, Runze and Qian, Xuejun and Gong, Chen and Zhang, Junhang and Liu, Ying and Xu, Benjamin and Humayun, Mark S and Zhou, Qifa},
  journal={IEEE Transactions on Biomedical Engineering},
  volume={70},
  number={4},
  pages={1310--1317},
  year={2022},
  publisher={IEEE}
}

@article{koprowski2017new,
  title={New automatic method for analysis and correction of image data from the Corvis tonometer},
  author={Koprowski, Robert and Kasprzak, Henryk and Wr{\'o}bel, Zygmunt},
  journal={Computer Methods in Biomechanics and Biomedical Engineering: Imaging \& Visualization},
  volume={5},
  number={1},
  pages={27--35},
  year={2017},
  publisher={Taylor \& Francis}
}

@article{kugelman2019automatic,
  title={Automatic choroidal segmentation in OCT images using supervised deep learning methods},
  author={Kugelman, Jason and Alonso-Caneiro, David and Read, Scott A and Hamwood, Jared and Vincent, Stephen J and Chen, Fred K and Collins, Michael J},
  journal={Scientific reports},
  volume={9},
  number={1},
  pages={13298},
  year={2019},
  publisher={Nature Publishing Group UK London}
}

@article{read2019choroidal,
  title={Choroidal changes in human myopia: insights from optical coherence tomography imaging},
  author={Read, Scott A and Fuss, James A and Vincent, Stephen J and Collins, Michael J and Alonso-Caneiro, David},
  journal={Clinical and Experimental Optometry},
  volume={102},
  number={3},
  pages={270--285},
  year={2019},
  publisher={Taylor \& Francis}
}

@inproceedings{cciccek20163d,
  title={3D U-Net: learning dense volumetric segmentation from sparse annotation},
  author={{\c{C}}i{\c{c}}ek, {\"O}zg{\"u}n and Abdulkadir, Ahmed and Lienkamp, Soeren S and Brox, Thomas and Ronneberger, Olaf},
  editor={Ourselin, Sebastien and Joskowicz, Leo and Sabuncu, Mert R. and Unal, Gozde and Wells, William},
  booktitle={International Conference on Medical Image Computing and Computer-Assisted Intervention.},
  year={2016},
  organization={Springer},
  pages={424--432},
}

@inproceedings{dou20163d,
  title={3D deeply supervised network for automatic liver segmentation from CT volumes},
  author={Dou, Qi and Chen, Hao and Jin, Yueming and Yu, Lequan and Qin, Jing and Heng, Pheng-Ann},
  editor={Ourselin, Sebastien and Joskowicz, Leo and Sabuncu, Mert R. and Unal, Gozde and Wells, William},
  booktitle={International Conference on Medical Image Computing and Computer-Assisted Intervention.},
  pages={149--157},
  year={2016},
  organization={Springer}
}

@article{huang2023fvfsnet,
  title={FVFSNet: Frequency-spatial coupling network for finger vein authentication},
  author={Huang, Junduan and Zheng, An and Shakeel, M Saad and Yang, Weili and Kang, Wenxiong},
  journal={IEEE Transactions on Information Forensics and Security},
  volume={18},
  pages={1322--1334},
  year={2023},
  publisher={IEEE}
}

@article{hai2022combining,
  title={Combining spatial and frequency information for image deblurring},
  author={Hai, Jiang and Yang, Ren and Yu, Yaqi and Han, Songchen},
  journal={IEEE Signal Processing Letters},
  volume={29},
  pages={1679--1683},
  year={2022},
  publisher={IEEE}
}

@incollection{campbell2021biomechanical,
  title={Biomechanical properties of the sclera},
  author={Campbell, Ian C and Lovald, Scott and Garcia, Mariana and Coudrillier, Baptiste},
  editor={Pallikaris, Ioannis
and Tsilimbaris, Miltiadis K.
and Dastiridou, Anna I.},
  booktitle={Ocular Rigidity, Biomechanics and Hydrodynamics of the Eye},
  pages={77--105},
  year={2021},
  publisher={Springer}
}

@article{yasir2024scleral,
  title={Scleral collagen cross linkage in progressive myopia},
  author={Yasir, Ziaul H and Sharma, Rakesh and Zakir, Shaik M},
  journal={Indian Journal of Ophthalmology},
  volume={72},
  number={2},
  pages={174--180},
  year={2024},
  publisher={Medknow}
}

@article{menze2014multimodal,
  title={The multimodal brain tumor image segmentation benchmark (BRATS)},
  author={Menze, Bjoern H and Jakab, Andras and Bauer, Stefan and Kalpathy-Cramer, Jayashree and Farahani, Keyvan and Kirby, Justin and Burren, Yuliya and Porz, Nicole and Slotboom, Johannes and Wiest, Roland and others},
  journal={IEEE transactions on medical imaging},
  volume={34},
  number={10},
  pages={1993--2024},
  year={2014},
  publisher={IEEE}
}

@article{menze2014multimodal-brats1,
  title={The multimodal brain tumor image segmentation benchmark (BRATS)},
  author={Menze, Bjoern H and Jakab, Andras and Bauer, Stefan and Kalpathy-Cramer, Jayashree and Farahani, Keyvan and Kirby, Justin and Burren, Yuliya and Porz, Nicole and Slotboom, Johannes and Wiest, Roland and others},
  journal={IEEE transactions on medical imaging},
  volume={34},
  number={10},
  pages={1993--2024},
  year={2014},
  publisher={IEEE}
}

@article{bakas2017advancing-brats2,
  title={Advancing the cancer genome atlas glioma MRI collections with expert segmentation labels and radiomic features},
  author={Bakas, Spyridon and Akbari, Hamed and Sotiras, Aristeidis and Bilello, Michel and Rozycki, Martin and Kirby, Justin S and Freymann, John B and Farahani, Keyvan and Davatzikos, Christos},
  journal={Scientific data},
  volume={4},
  number={1},
  pages={1--13},
  year={2017},
  publisher={Nature Publishing Group}
}

@inproceedings{ronneberger2015u,
  title={U-net: Convolutional networks for biomedical image segmentation},
  author={Ronneberger, Olaf and Fischer, Philipp and Brox, Thomas},
  editor={Navab, Nassir
and Hornegger, Joachim
and Wells, William M.
and Frangi, Alejandro F.},
  booktitle={International Conference on Medical Image Computing and Computer-Assisted Intervention.},
  pages={234--241},
  year={2015},
  organization={Springer}
}

@inproceedings{xiao2018weighted,
  title={Weighted res-unet for high-quality retina vessel segmentation},
  author={Xiao, Xiao and Lian, Shen and Luo, Zhiming and Li, Shaozi},
  booktitle={2018 9th international conference on information technology in medicine and education (ITME)},
  pages={327--331},
  year={2018},
  organization={IEEE}
}
@inproceedings{cao2022swin,
  title={Swin-unet: Unet-like pure transformer for medical image segmentation},
  author={Cao, Hu and Wang, Yueyue and Chen, Joy and Jiang, Dongsheng and Zhang, Xiaopeng and Tian, Qi and Wang, Manning},
  editor={Karlinsky, Leonid
and Michaeli, Tomer
and Nishino, Ko},
  booktitle={European conference on computer vision.},
  pages={205--218},
  year={2022},
  organization={Springer}
}
@article{oktay2018attention,
  title={Attention u-net: Learning where to look for the pancreas},
  author={Oktay, Ozan and Schlemper, Jo and Folgoc, Loic Le and Lee, Matthew and Heinrich, Mattias and Misawa, Kazunari and Mori, Kensaku and McDonagh, Steven and Hammerla, Nils Y and Kainz, Bernhard and others},
  journal={arXiv preprint arXiv:1804.03999},
  year={2018}
}
@article{zhou2019unet++,
  title={Unet++: Redesigning skip connections to exploit multiscale features in image segmentation},
  author={Zhou, Zongwei and Siddiquee, Md Mahfuzur Rahman and Tajbakhsh, Nima and Liang, Jianming},
  journal={IEEE transactions on medical imaging},
  volume={39},
  number={6},
  pages={1856--1867},
  year={2019},
  publisher={IEEE}
}
@article{chen2024transunet,
  title={TransUNet: Rethinking the U-Net architecture design for medical image segmentation through the lens of transformers},
  author={Chen, Jieneng and Mei, Jieru and Li, Xianhang and Lu, Yongyi and Yu, Qihang and Wei, Qingyue and Luo, Xiangde and Xie, Yutong and Adeli, Ehsan and Wang, Yan and others},
  journal={Medical Image Analysis},
  volume={97},
  pages={103280},
  year={2024},
  publisher={Elsevier}
}

@article{isensee2018nnu,
  title={nnu-net: Self-adapting framework for u-net-based medical image segmentation},
  author={Isensee, Fabian and Petersen, Jens and Klein, Andre and Zimmerer, David and Jaeger, Paul F and Kohl, Simon and Wasserthal, Jakob and Koehler, Gregor and Norajitra, Tobias and Wirkert, Sebastian and others},
  journal={arXiv preprint arXiv:1809.10486},
  year={2018}
}

@article{jiang2022swinbts,
  title={SwinBTS: A method for 3D multimodal brain tumor segmentation using swin transformer},
  author={Jiang, Yun and Zhang, Yuan and Lin, Xin and Dong, Jinkun and Cheng, Tongtong and Liang, Jing},
  journal={Brain sciences},
  volume={12},
  number={6},
  pages={797},
  year={2022},
  publisher={MDPI}
}

@inproceedings{wenxuan2021transbts,
  title={Transbts: Multimodal brain tumor segmentation using transformer},
  author={Wenxuan, Wang and Chen, Chen and Meng, Ding and Hong, Yu and Sen, Zha and Jiangyun, Li},
editor={de Bruijne, Marleen
and Cattin, Philippe C.
and Cotin, St{\'e}phane
and Padoy, Nicolas
and Speidel, Stefanie
and Zheng, Yefeng
and Essert, Caroline},
  booktitle={International Conference on Medical Image Computing and Computer-Assisted Intervention. },
  pages={109--119},
  year={2021},
  organization={Springer}
}

@inproceedings{peiris2022VTU,
  title={A robust volumetric transformer for accurate 3D tumor segmentation},
  author={Peiris, Himashi and Hayat, Munawar and Chen, Zhaolin and Egan, Gary and Harandi, Mehrtash},
  editor="Wang, Linwei
and Dou, Qi
and Fletcher, P. Thomas
and Speidel, Stefanie
and Li, Shuo",
  booktitle={International conference on medical image computing and computer-assisted intervention.},
  pages={162--172},
  year={2022},
  organization={Springer}
}
@inproceedings{henry2021brain,
  title={Brain tumor segmentation with self-ensembled, deeply-supervised 3D U-net neural networks: a BraTS 2020 challenge solution},
  author={Henry, Theophraste and Carr{\'e}, Alexandre and Lerousseau, Marvin and Estienne, Th{\'e}o and Robert, Charlotte and Paragios, Nikos and Deutsch, Eric},
  editor="Crimi, Alessandro
and Bakas, Spyridon",
  booktitle={Brainlesion: Glioma, Multiple Sclerosis, Stroke and Traumatic Brain Injuries: 6th International Workshop, BrainLes 2020, Held in Conjunction with MICCAI 2020, Lima, Peru, October 4, 2020, Revised Selected Papers, Part I 6.},
  pages={327--339},
  year={2021},
  organization={Springer}
}
@article{chen2024adaptive,
  title={Adaptive cascaded transformer U-Net for MRI brain tumor segmentation},
  author={Chen, Bonian and Sun, Qiule and Han, Yutong and Liu, Bin and Zhang, Jianxin and Zhang, Qiang},
  journal={Physics in Medicine \& Biology},
  volume={69},
  number={11},
  pages={115036},
  year={2024},
  publisher={IOP Publishing}
}

%related work
@article{zuo2025machine,
  title={Machine Learning Approaches in High Myopia: Systematic Review and Meta-Analysis},
  author={Zuo, Huiyi and Huang, Baoyu and He, Jian and Fang, Liying and Huang, Minli},
  journal={Journal of Medical Internet Research},
  volume={27},
  pages={e57644},
  year={2025},
  publisher={JMIR Publications Toronto, Canada}
}
@article{liu2023posterior,
  title={Posterior scleral birefringence measured by triple-input polarization-sensitive imaging as a biomarker of myopia progression},
  author={Liu, Xinyu and Jiang, Liqin and Ke, Mengyuan and Sigal, Ian A and Chua, Jacqueline and Hoang, Quan V and Chia, Audrey WI and Najjar, Raymond P and Tan, Bingyao and Cheong, Jocelyn and others},
  journal={Nature Biomedical Engineering},
  volume={7},
  number={8},
  pages={986--1000},
  year={2023},
  publisher={Nature Publishing Group UK London}
}
@article{tanaka2019posterior,
  title={Posterior staphylomas and scleral curvature in highly myopic children and adolescents investigated by ultra-widefield optical coherence tomography},
  author={Tanaka, Noriko and Shinohara, Kosei and Yokoi, Tae and Uramoto, Kengo and Takahashi, Hiroyuki and Onishi, Yuka and Horie, Shintaro and Yoshida, Takeshi and Ohno-Matsui, Kyoko},
  journal={PloS one},
  volume={14},
  number={6},
  pages={e0218107},
  year={2019},
  publisher={Public Library of Science San Francisco, CA USA}
}
@article{ng2016advances,
  title={Advances of optical coherence tomography in myopia and pathologic myopia},
  author={Ng, DSC and Cheung, CYL and Luk, FO and Mohamed, S and Brelen, ME and Yam, JCS and Tsang, CW and Lai, TYY},
  journal={Eye},
  volume={30},
  number={7},
  pages={901--916},
  year={2016},
  publisher={Nature Publishing Group}
}
@article{oh2024prediction,
  title={Prediction of Axial Length From Macular Optical Coherence Tomography Using Deep Learning Model},
  author={Oh, Richul and Kang, Myeongkyun and Ahn, Jeeyun and Lee, Eun Kyoung and Bae, Kunho and Park, Un Chul and Park, Kyu Hyung and Yoon, Chang Ki},
  journal={Translational Vision Science \& Technology},
  volume={13},
  number={9},
  pages={14--14},
  year={2024},
  publisher={The Association for Research in Vision and Ophthalmology}
}
@article{li2024accurate,
  title={Accurate prediction of myopic progression and high myopia by machine learning},
  author={Li, Jiahui and Zeng, Simiao and Li, Zhihuan and Xu, Jie and Sun, Zhuo and Zhao, Jing and Li, Meiyan and Zou, Zixing and Guan, Taihua and Zeng, Jin and others},
  journal={Precision Clinical Medicine},
  volume={7},
  number={1},
  pages={pbae005},
  year={2024},
  publisher={Oxford University Press}
}